%%%%%%%
@article{Oppenheimer:1939ne,
      author         = "Oppenheimer, J. R. and Volkoff, G. M.",
      title          = "{On Massive neutron cores}",
      journal        = "Phys. Rev.",
      volume         = "55",
      year           = "1939",
      pages          = "374-381",
      doi            = "10.1103/PhysRev.55.374",
      SLACcitation   = "%%CITATION = PHRVA,55,374;%%"
}

@article{MagneticPropofCoSe,
  title={On the Magnetic Properties of CoSeQ, NiSQ, and NiSe2},
  author={ANDRESEN, ARNE F},
  journal={Acta Chemica Scandinavica},
  volume={23},
  number={7},
  pages={2325--2334},
  year={1969}
}

@inproceedings{Olive:2003iq,
      author         = "Olive, Keith A.",
      title          = "{TASI lectures on dark matter}",
      booktitle      = "{Particle physics and cosmology: The quest for physics
                        beyond the standard model(s). Proceedings, Theoretical
                        Advanced Study Institute, TASI 2002, Boulder, USA, June
                        3-28, 2002}",
      year           = "2003",
      pages          = "797-851",
      eprint         = "astro-ph/0301505",
      archivePrefix  = "arXiv",
      primaryClass   = "astro-ph",
      reportNumber   = "UMN-TH-2127-03, TPI-MINN-03-02",
      SLACcitation   = "%%CITATION = ASTRO-PH/0301505;%%"
}

@inproceedings{Hooper:2009zm,
      author         = "Hooper, Dan",
      title          = "{Particle Dark Matter}",
      booktitle      = "{Proceedings of Theoretical Advanced Study Institute in
                        Elementary Particle Physics on The dawn of the LHC era
                        (TASI 2008): Boulder, USA, June 2-27, 2008}",
      year           = "2010",
      url            = "http://lss.fnal.gov/cgi-bin/find_paper.pl?conf-09-025",
      pages          = "709-764",
      doi            = "10.1142/9789812838360_0014",
      eprint         = "0901.4090",
      archivePrefix  = "arXiv",
      primaryClass   = "hep-ph",
      reportNumber   = "FERMILAB-CONF-09-025-A",
      SLACcitation   = "%%CITATION = ARXIV:0901.4090;%%"
}

@inproceedings{Gelmini:2015zpa,
      author         = "Gelmini, Graciela B.",
      title          = "{The Hunt for Dark Matter}",
      booktitle      = "{Proceedings, Theoretical Advanced Study Institute in
                        Elementary Particle Physics: Journeys Through the
                        Precision Frontier: Amplitudes for Colliders (TASI 2014):
                        Boulder, Colorado, June 2-27, 2014}",
      year           = "2015",
      pages          = "559-616",
      doi            = "10.1142/9789814678766_0012",
      eprint         = "1502.01320",
      archivePrefix  = "arXiv",
      primaryClass   = "hep-ph",
      reportNumber   = "NSF-KITP-15-005",
      SLACcitation   = "%%CITATION = ARXIV:1502.01320;%%"
}

@article{Hooper:2018kfv,
      author         = "Hooper, Dan",
      title          = "{TASI Lectures on Indirect Searches For Dark Matter}",
      year           = "2018",
      eprint         = "1812.02029",
      archivePrefix  = "arXiv",
      primaryClass   = "hep-ph",
      reportNumber   = "FERMILAB-CONF-18-666-A",
      SLACcitation   = "%%CITATION = ARXIV:1812.02029;%%"
}

@article{vandenBergh:1999sa,
      author         = "van den Bergh, Sidney",
      title          = "{The Early history of dark matter}",
      journal        = "Publ. Astron. Soc. Pac.",
      volume         = "111",
      year           = "1999",
      pages          = "657",
      doi            = "10.1086/316369",
      eprint         = "astro-ph/9904251",
      archivePrefix  = "arXiv",
      primaryClass   = "astro-ph",
      SLACcitation   = "%%CITATION = ASTRO-PH/9904251;%%"
}

@article{Zwicky:1933gu,
      author         = "Zwicky, F.",
      title          = "{Die Rotverschiebung von extragalaktischen Nebeln}",
      journal        = "Helv. Phys. Acta",
      volume         = "6",
      year           = "1933",
      pages          = "110-127",
      doi            = "10.1007/s10714-008-0707-4",
      note           = "[Gen. Rel. Grav.41,207(2009)]",
      SLACcitation   = "%%CITATION = HPACA,6,110;%%"
}

@article{Zwicky:1937zza,
      author         = "Zwicky, F.",
      title          = "{On the Masses of Nebulae and of Clusters of Nebulae}",
      journal        = "Astrophys. J.",
      volume         = "86",
      year           = "1937",
      pages          = "217-246",
      doi            = "10.1086/143864",
      SLACcitation   = "%%CITATION = ASJOA,86,217;%%"
}

@article{Rubin:1970zza,
      author         = "Rubin, Vera C. and Ford, Jr., W. Kent",
      title          = "{Rotation of the Andromeda Nebula from a Spectroscopic
                        Survey of Emission Regions}",
      journal        = "Astrophys. J.",
      volume         = "159",
      year           = "1970",
      pages          = "379-403",
      doi            = "10.1086/150317",
      SLACcitation   = "%%CITATION = ASJOA,159,379;%%"
}

@book{Schwartz:2013pla,
      author         = "Schwartz, Matthew D.",
      title          = "{Quantum Field Theory and the Standard Model}",
      publisher      = "Cambridge University Press",
      year           = "2014",
      url            = "http://www.cambridge.org/us/academic/subjects/physics/theoretical-physics-and-mathematical-physics/quantum-field-theory-and-standard-model",
      ISBN           = "1107034736, 9781107034730",
      SLACcitation   = "%%CITATION = INSPIRE-1276589;%%"
}

%%%%%%% outras referÃªncias %%%%%%%%

@article{Ringwald:2012hr,
      author         = "Ringwald, Andreas",
      title          = "{Exploring the Role of Axions and Other WISPs in the Dark
                        Universe}",
      journal        = "Phys. Dark Univ.",
      volume         = "1",
      year           = "2012",
      pages          = "116-135",
      doi            = "10.1016/j.dark.2012.10.008",
      eprint         = "1210.5081",
      archivePrefix  = "arXiv",
      primaryClass   = "hep-ph",
      reportNumber   = "DESY-12-170",
      SLACcitation   = "%%CITATION = ARXIV:1210.5081;%%"
}


@article{Ahriche:2016ixu,
      author         = "Ahriche, Amine and Manning, Adrian and McDonald, Kristian
                        L. and Nasri, Salah",
      title          = "{Scale-Invariant Models with One-Loop Neutrino Mass and
                        Dark Matter Candidates}",
      journal        = "Phys. Rev.",
      volume         = "D94",
      year           = "2016",
      number         = "5",
      pages          = "053005",
      doi            = "10.1103/PhysRevD.94.053005",
      eprint         = "1604.05995",
      archivePrefix  = "arXiv",
      primaryClass   = "hep-ph",
      SLACcitation   = "%%CITATION = ARXIV:1604.05995;%%"
}

